
@online{_unit_2003,
	title = {Unit Testing},
	url = {https://msdn.microsoft.com/en-us/library/aa292197(v=vs.71).aspx},
	titleaddon = {Microsoft Developer Network},
	urldate = {2015-10-19},
	date = {2003},
	file = {Unit Testing:C\:\\Users\\Aishah\\AppData\\Roaming\\Mozilla\\Firefox\\Profiles\\eaj9kfzb.default\\zotero\\storage\\XUPE9DF7\\aa292197(v=vs.71).html:text/html}
}